%% This BibTeX bibliography file was created using BibDesk.
%% https://bibdesk.sourceforge.io/

%% Created for Andrei Soprachev at 2021-10-07 02:41:51 +0300 



@online{BibExampleRU,
  title   = {Пример RU},
  url     = {https://example.com},
  urldate = {2022-01-22},
  sortkey = 1,
  media   = {eresource}
}

@online{BibExampleEN,
  title   = {Biblio Example EN},
  url     = {https://example.com},
  urldate = {2022-01-22},
  sortkey = 2,
  media   = {eresource}
}
