%% This BibTeX bibliography file was created using BibDesk.
%% https://bibdesk.sourceforge.io/

%% Created for Andrei Soprachev at 2021-10-07 02:41:51 +0300 



@online{BibExampleRU,
  title   = {Пример RU},
  url     = {https://example.com},
  urldate = {2022-01-22},
  sortkey = 1,
  media   = {eresource}
}

@online{BibExampleEN,
  title   = {Biblio Example EN},
  url     = {https://example.com},
  urldate = {2022-01-22},
  sortkey = 2,
  media   = {eresource}
}


@online{HumanInterfaceGuidelines,
  title   = {Human Interface Guidelines},
  url     = {https://developer.apple.com/design/human-interface-guidelines/ios/},
  urldate = {2022-01-22},
  sortkey = 2,
  media   = {eresource}
}

@online{SplitView,
  title   = {Use multitasking on your iPad},
  url     = {https://support.apple.com/en-us/HT207582},
  urldate = {2022-01-22},
  sortkey = 2,
  media   = {eresource}
}

@online{IMDF,
  title   = {Indoor Mapping Data Format},
  url     = {https://register.apple.com/resources/imdf/},
  urldate = {2022-01-22},
  sortkey = 2,
  media   = {eresource}
}

@online{GeoJSON-RFC-7946,
  title   = {The GeoJSON Format},
  url     = {https://datatracker.ietf.org/doc/html/rfc7946},
  urldate = {2022-01-22},
  sortkey = 2,
  media   = {eresource}
}

@online{IMDFFeatures,
  title   = {IMDF Feature Types},
  url     = {https://register.apple.com/resources/imdf/types/venue},
  urldate = {2022-01-22},
  sortkey = 2,
  media   = {eresource}
}

@online{Unity3D,
  title   = {Unity3D Editor scripting},
  url     = {https://docs.unity3d.com/ScriptReference/Editor.html},
  urldate = {2022-01-22},
  sortkey = 2,
  media   = {eresource}
}

@online{Copterus,
  title   = {Copterus},
  url     = {https://www.copterus.app},
  urldate = {2022-01-22},
  sortkey = 2,
  media   = {eresource}
}

@online{WebODM,
  title   = {ODM fast orthophoto},
  url     = {https://docs.opendronemap.org/arguments/fast-orthophoto/},
  urldate = {2022-01-22},
  sortkey = 2,
  media   = {eresource}
}

@online{NSLocalizedString,
  title   = {NSLocalizedString documentation},
  url     = {https://developer.apple.com/documentation/foundation/nslocalizedstring},
  urldate = {2022-01-22},
  sortkey = 2,
  media   = {eresource}
}

@online{SwiftGen,
  title   = {SwiftGen tool},
  url     = {https://github.com/SwiftGen/SwiftGen},
  urldate = {2022-01-22},
  sortkey = 2,
  media   = {eresource}
}

@online{MIT,
  title   = {MIT License},
  url     = {https://choosealicense.com/licenses/mit/},
  urldate = {2022-01-22},
  sortkey = 2,
  media   = {eresource}
}

@online{MKDistanceFormatter,
  title   = {MKDistanceFormatter documentation},
  url     = {https://developer.apple.com/documentation/mapkit/mkdistanceformatter},
  urldate = {2022-01-22},
  sortkey = 2,
  media   = {eresource}
}

@online{DateComponentsFormatter,
  title   = {DateComponentsFormatter documentation},
  url     = {https://developer.apple.com/documentation/foundation/datecomponentsformatter},
  urldate = {2022-01-22},
  sortkey = 2,
  media   = {eresource}
}

@online{Fastlane,
  title   = {iOS App Store deployment using fastlane},
  url     = {https://docs.fastlane.tools/getting-started/ios/appstore-deployment/},
  urldate = {2022-01-22},
  sortkey = 2,
  media   = {eresource}
}

@online{UniversalLinks,
  title   = {Universal Links for Developers},
  url     = {https://developer.apple.com/ios/universal-links/},
  urldate = {2022-01-22},
  sortkey = 2,
  media   = {eresource}
}

@online{AppClip,
  title   = {AppClip for Developers},
  url     = {https://developer.apple.com/app-clips/},
  urldate = {2022-01-22},
  sortkey = 2,
  media   = {eresource}
}

@online{NodeJS,
  title   = {NodeJS documentation},
  url     = {https://nodejs.org/en/docs/},
  urldate = {2022-01-22},
  sortkey = 2,
  media   = {eresource}
}

@online{Express,
  title   = {Express 5.x API},
  url     = {https://expressjs.com/en/5x/api.html},
  urldate = {2022-01-22},
  sortkey = 2,
  media   = {eresource}
}

@online{Lets-Encrypt,
  title   = {Using Free Let’s Encrypt SSL/TLS Certificates with NGINX},
  url     = {https://www.nginx.com/blog/using-free-ssltls-certificates-from-lets-encrypt-with-nginx/},
  urldate = {2022-01-22},
  sortkey = 2,
  media   = {eresource}
}

@online{AppClipGenerator,
  title   = {Creating App Clip Codes with the App Clip Code Generator},
  url     = {https://developer.apple.com/documentation/app_clips/creating_app_clip_codes/creating_app_clip_codes_with_the_app_clip_code_generator},
  urldate = {2022-01-22},
  sortkey = 2,
  media   = {eresource}
}

@online{IMDFOGC,
  title   = {IMDF OGC Community Standard},
  url     = {https://docs.ogc.org/cs/20-094/},
  urldate = {2022-01-22},
  sortkey = 2,
  media   = {eresource}
}



@online{dark-color-cheat-sheet,
  title   = {Dark color cheat sheet},
  url     = {https://sarunw.com/posts/dark-color-cheat-sheet/},
  urldate = {2022-01-22},
  sortkey = 2,
  media   = {eresource}
}
